<collection xmlns='http://www.loc.gov/MARC21/slim' xmlns:xsi='http://www.w3.org/2001/XMLSchema-instance' xsi:schemaLocation='http://www.loc.gov/standards/marcxml/schema/MARC21slim.xsd'>
  <record xmlns="http://www.loc.gov/MARC21/slim">
    <leader>00000ctm a2200000Ia 4500</leader>
    <controlfield tag="001">on1111687023</controlfield>
    <controlfield tag="008">190807q18001899xx p          000 0 ara d</controlfield>
    <datafield tag="040" ind1=" " ind2=" ">
      <subfield code="a">PLF</subfield>
      <subfield code="b">eng</subfield>
      <subfield code="e">amremm</subfield>
      <subfield code="c">PLF</subfield>
      <subfield code="d">OCLCF</subfield>
    </datafield>
    <datafield tag="035" ind1=" " ind2=" ">
      <subfield code="a">(PLF)2508421</subfield>
    </datafield>
    <datafield tag="099" ind1=" " ind2=" ">
      <subfield code="a">Lewis O 35</subfield>
    </datafield>
    <datafield tag="049" ind1=" " ind2=" ">
      <subfield code="a">PLFF</subfield>
    </datafield>
    <datafield tag="245" ind1="0" ind2="0">
      <subfield code="6">880-01</subfield>
      <subfield code="a">[Majmūʻah].</subfield>
    </datafield>
    <datafield tag="260" ind1=" " ind2=" ">
      <subfield code="a">[West Africa?,</subfield>
      <subfield code="c">between 1800 and 1899?]</subfield>
    </datafield>
    <datafield tag="300" ind1=" " ind2=" ">
      <subfield code="a">221 leaves :</subfield>
      <subfield code="b">paper, illuminations ;</subfield>
      <subfield code="c">380 x 230 (285 x 162) mm bound to 388 x 250 mm.</subfield>
    </datafield>
    <datafield tag="500" ind1=" " ind2=" ">
      <subfield code="a">Ms. leaves.</subfield>
    </datafield>
    <datafield tag="520" ind1=" " ind2=" ">
      <subfield code="a">Group of several texts related to Islamic theological doctrine, mostly by or referencing Muḥammad ibn Yūsuf al-Sanūsī or Muḥammad al-Ṣāliḥ al-Awjalī; largely incomplete. The seventh work, by al-Awjalī, is incomplete and out of order. Contains some scribal errors and abbreviations which have been corrected or clarified by a later reader. Some texts contain extensive interlinear insertions, particularly the end of the 2nd work and the entire 7th work.The pages are loose leaves wrapped in a hide folder.</subfield>
    </datafield>
    <datafield tag="546" ind1=" " ind2=" ">
      <subfield code="a">Arabic.</subfield>
    </datafield>
    <datafield tag="500" ind1=" " ind2=" ">
      <subfield code="a">Title supplied by cataloger.</subfield>
    </datafield>
    <datafield tag="505" ind1="0" ind2=" ">
      <subfield code="a">1. f. 1v-12v: Umm al-barāhīn fī ʻilm al-kalām [incomplete at end] / Muḥammad ibn Yūsuf al-Sanūsī -- 2. f. 13r-29r: Ṣughrá al-ṣughrá / Muḥammad ibn Yūsuf al-Sanūsī  -- 3. f. 30v-41r: al-Maqṣūd bi-al-niẓām sabk jawāḥiran [thus] min al-kalām / Muḥammad al-Ṣāliḥ al-Awjalī -- 4. f. 42r-86r: Min anwāʻ al-kufr / Abū ʻAbd Allāh Muḥammad ibn ʻUmar -- 5. f. 87r-90v: Fa-inna al-faqīh ʻabd Allāh / Muḥammad al-Ṣāliḥ al-Awjalī  -- 6. f. 91r-123: Salīm / Muḥammad al-Ṣāliḥ al-Awjalī  --7. f. Unnumbered [1r-32]: [Dalīl al-qāʼid li-kashf asrār ṣifāt al-wāḥid (incomplete and out of order)] / Muḥammad al-Ṣāliḥ al-Awjalī -- 8. f. Unnumbered [33-40]: various incomplete leaves</subfield>
    </datafield>
    <datafield tag="510" ind1="4" ind2=" ">
      <subfield code="a">Simsar, Muhammed Ahmed. Oriental manuscripts of the John Frederick Lewis Collection,</subfield>
      <subfield code="c">35.</subfield>
    </datafield>
    <datafield tag="500" ind1=" " ind2=" ">
      <subfield code="a">Foliation: Partially foliated (1-123) followed by 40 unnumbered leaves ; catchwords lower left verso.</subfield>
    </datafield>
    <datafield tag="500" ind1=" " ind2=" ">
      <subfield code="a">Layout: 6-14 long lines; many interlinear glosses.</subfield>
    </datafield>
    <datafield tag="500" ind1=" " ind2=" ">
      <subfield code="a">Script: Written in a maghribi script using an oblique cut pen in black and brown ink; pointed, partially vocalized.</subfield>
    </datafield>
    <datafield tag="500" ind1=" " ind2=" ">
      <subfield code="a">Decoration: Grid of brown and white on opening leaf (f. 1r) covering text that was there first; some rubrications in red.</subfield>
    </datafield>
    <datafield tag="500" ind1=" " ind2=" ">
      <subfield code="a">Binding: Leaves are unbound and have never been bound. They are held between a piece of stiff hide with the hair side inside and a piece of card, wrapped in another piece of hide with patches of spotted hair still attached.</subfield>
    </datafield>
    <datafield tag="500" ind1=" " ind2=" ">
      <subfield code="a">Origin: Copy is undated, though it was completed on a Friday between the morning and the afternoon by Isḥāq [?] (f. 123r); perhaps copied in the 19th century.</subfield>
    </datafield>
    <datafield tag="500" ind1=" " ind2=" ">
      <subfield code="6">880-02</subfield>
      <subfield code="a">Incipit of work 3: wa-baʻd fa-al-maqṣūd bi-al-niẓām sabk jawāḥiran min al-kalām wa-dh[āl]ika mā yadkhulu taḥta qawl al-shahādah (f. 31v-32r)</subfield>
    </datafield>
    <datafield tag="500" ind1=" " ind2=" ">
      <subfield code="6">880-03</subfield>
      <subfield code="a">Incipit of work 4: aʻlamu annā wajadnā min anwāʻ al-kufr al-mujmaʻ ʻalayhi faḍlan ʻan al-mukhtalif fīhi al-ṭalbah wa-al-ʻāmmah wa-al-nisāʼ (f. 42v).</subfield>
    </datafield>
    <datafield tag="500" ind1=" " ind2=" ">
      <subfield code="6">880-04</subfield>
      <subfield code="a">Incipit of work 5: Fa-inna al-faqīh ʻabd Allāh wa-lazima ʻalá kull mukallaf ʻan yaʻrifa mā yajibu ʻalayhi qabla an yafʻalahu (f. 87r).</subfield>
    </datafield>
    <datafield tag="561" ind1="1" ind2=" ">
      <subfield code="a">Formerly owned by John Frederick Lewis.</subfield>
    </datafield>
    <datafield tag="650" ind1=" " ind2="0">
      <subfield code="a">Islam</subfield>
      <subfield code="x">Doctrines.</subfield>
    </datafield>
    <datafield tag="650" ind1=" " ind2="0">
      <subfield code="a">God (Islam)</subfield>
    </datafield>
    <datafield tag="650" ind1=" " ind2="0">
      <subfield code="a">Kufr (Islam)</subfield>
    </datafield>
    <datafield tag="650" ind1=" " ind2="0">
      <subfield code="a">Manuscripts, Arabic</subfield>
      <subfield code="y">19th century.</subfield>
    </datafield>
    <datafield tag="650" ind1=" " ind2="7">
      <subfield code="a">God (Islam)</subfield>
      <subfield code="2">fast</subfield>
      <subfield code="0">(OCoLC)fst00944142</subfield>
    </datafield>
    <datafield tag="650" ind1=" " ind2="7">
      <subfield code="a">Islam</subfield>
      <subfield code="x">Doctrines.</subfield>
      <subfield code="2">fast</subfield>
      <subfield code="0">(OCoLC)fst00979787</subfield>
    </datafield>
    <datafield tag="650" ind1=" " ind2="7">
      <subfield code="a">Kufr (Islam)</subfield>
      <subfield code="2">fast</subfield>
      <subfield code="0">(OCoLC)fst00989247</subfield>
    </datafield>
    <datafield tag="650" ind1=" " ind2="7">
      <subfield code="a">Manuscripts, Arabic.</subfield>
      <subfield code="2">fast</subfield>
      <subfield code="0">(OCoLC)fst01008278</subfield>
    </datafield>
    <datafield tag="648" ind1=" " ind2="7">
      <subfield code="a">1800-1899</subfield>
      <subfield code="2">fast</subfield>
    </datafield>
    <datafield tag="655" ind1=" " ind2="7">
      <subfield code="a">Compilation manuscripts.</subfield>
      <subfield code="2">aat</subfield>
    </datafield>
    <datafield tag="655" ind1=" " ind2="7">
      <subfield code="a">Illuminations (paintings).</subfield>
      <subfield code="2">aat</subfield>
    </datafield>
    <datafield tag="655" ind1=" " ind2="7">
      <subfield code="a">Manuscripts (documents)</subfield>
      <subfield code="2">aat</subfield>
    </datafield>
    <datafield tag="700" ind1="1" ind2="2">
      <subfield code="6">880-05</subfield>
      <subfield code="a">Sanūsī, Muḥammad ibn Yūsuf,</subfield>
      <subfield code="d">approximately 1427-approximately 1490.</subfield>
      <subfield code="t">Umm al-barāhīn fī ʻilm al-kalām.</subfield>
      <subfield code="k">Selections.</subfield>
    </datafield>
    <datafield tag="700" ind1="1" ind2="2">
      <subfield code="6">880-06</subfield>
      <subfield code="a">Sanūsī, Muḥammad ibn Yūsuf,</subfield>
      <subfield code="d">approximately 1427-approximately 1490.</subfield>
      <subfield code="t">Ṣughrá al-ṣughrá fī ʻilm al-tawḥīd.</subfield>
    </datafield>
    <datafield tag="700" ind1="1" ind2="2">
      <subfield code="6">880-07</subfield>
      <subfield code="a">Awjalī, Muḥammad al-Ṣāliḥ ibn Salīm,</subfield>
      <subfield code="d">active approximately 17th century.</subfield>
      <subfield code="t">Maqṣūd bi-al-niẓām sabk jawāhiran min al-kalām.</subfield>
    </datafield>
    <datafield tag="700" ind1="1" ind2="2">
      <subfield code="6">880-08</subfield>
      <subfield code="a">Awjalī, Muḥammad al-Ṣāliḥ ibn Salīm,</subfield>
      <subfield code="d">active approximately 17th century.</subfield>
      <subfield code="t">Dalīl al-qāʼid li-kashf asrār ṣifāt al-wāḥid.</subfield>
      <subfield code="k">Selections.</subfield>
    </datafield>
    <datafield tag="700" ind1="1" ind2="2">
      <subfield code="6">880-09</subfield>
      <subfield code="a">Awjalī, Muḥammad al-Ṣāliḥ ibn Salīm,</subfield>
      <subfield code="d">active approximately 17th century.</subfield>
      <subfield code="t">Works.</subfield>
      <subfield code="k">Selections.</subfield>
    </datafield>
    <datafield tag="700" ind1="1" ind2="2">
      <subfield code="6">880-10</subfield>
      <subfield code="a">Sanūsī, Muḥammad ibn Yūsuf,</subfield>
      <subfield code="d">approximately 1427-approximately 1490.</subfield>
      <subfield code="t">Works.</subfield>
      <subfield code="k">Selections.</subfield>
    </datafield>
    <datafield tag="700" ind1="1" ind2=" ">
      <subfield code="a">Lewis, John Frederick,</subfield>
      <subfield code="d">1860-1932,</subfield>
      <subfield code="e">former owner.</subfield>
    </datafield>
    <datafield tag="700" ind1="1" ind2=" ">
      <subfield code="a">Lewis, Anne Baker,</subfield>
      <subfield code="d">1868-1937,</subfield>
      <subfield code="e">donor.</subfield>
    </datafield>
    <datafield tag="710" ind1="2" ind2=" ">
      <subfield code="a">Free Library of Philadelphia.</subfield>
      <subfield code="b">Rare Book Department.</subfield>
      <subfield code="b">John Frederick Lewis Collection of Oriental Manuscripts.</subfield>
    </datafield>
    <datafield tag="740" ind1="0" ind2="2">
      <subfield code="6">880-11</subfield>
      <subfield code="a">Maqṣūd bi-al-niẓām sabk jawāhiran min al-kalām wa-dhālika mā yadkhulu taḥta qawl al-shahādah.</subfield>
    </datafield>
    <datafield tag="740" ind1="0" ind2="2">
      <subfield code="6">880-12</subfield>
      <subfield code="a">Aʻlamu annā wajadnā min anwāʻ al-kufr al-mujmaʻ ʻalayhi faḍlan ʻan al-mukhtalif fīhi al-ṭalbah wa-al-ʻāmmah wa-al-nisāʼ.</subfield>
    </datafield>
    <datafield tag="740" ind1="0" ind2="2">
      <subfield code="6">880-13</subfield>
      <subfield code="a">Fa-inna al-faqīh ʻabd Allāh wa-lazima ʻalá kull mukallaf ʻan yaʻrifa mā yajibu ʻalayhi qabla an yafʻalahu.</subfield>
    </datafield>
    <datafield tag="740" ind1="0" ind2="2">
      <subfield code="6">880-14</subfield>
      <subfield code="a">Salīm.</subfield>
    </datafield>
    <datafield tag="856" ind1="4" ind2="1">
      <subfield code="z">Digital facsimile in OPenn</subfield>
      <subfield code="u">http://openn.library.upenn.edu/Data/0023/html/lewis_o_035.html</subfield>
    </datafield>
    <datafield tag="852" ind1=" " ind2=" ">
      <subfield code="b">Rare Book Department</subfield>
      <subfield code="a">Free Library of Philadelphia</subfield>
      <subfield code="e">Philadelphia</subfield>
      <subfield code="u">https://know.freelibrary.org/Record/2508421</subfield>
    </datafield>
    <datafield tag="955" ind1=" " ind2=" ">
      <subfield code="a">Gift of Anne Baker Lewis in 1933.</subfield>
    </datafield>
    <datafield tag="880" ind1="0" ind2="0">
      <subfield code="6">245-01/(3/r</subfield>
      <subfield code="a">[مجموعة].</subfield>
    </datafield>
    <datafield tag="880" ind1=" " ind2=" ">
      <subfield code="6">500-02/(3/r</subfield>
      <subfield code="a">Incipit of work 3: وبعد فالمقصود بالنظام سبكي جواحرا من الكلام وذك [= ذلك] ما يدخل تحت قول الشهادة</subfield>
    </datafield>
    <datafield tag="880" ind1=" " ind2=" ">
      <subfield code="6">500-03/(3/r</subfield>
      <subfield code="a">Incipit of work 4: اعلم انا وجدنا من انواع الكفر المجمع عليه فضلا عن المختلف فيه الطلبة والعامة والنساء</subfield>
    </datafield>
    <datafield tag="880" ind1=" " ind2=" ">
      <subfield code="6">500-04/(3/r</subfield>
      <subfield code="a">Incipit of work 5: فان الفقيه عبد الله ولزم على كل مكلف عن يعرف ما يجب عليه قبل ان يفعله</subfield>
    </datafield>
    <datafield tag="880" ind1="1" ind2="2">
      <subfield code="6">700-05/(3/r</subfield>
      <subfield code="a">سنوسي، محمد بن يوسف،</subfield>
      <subfield code="d">approximately 1427-approximately 1490.</subfield>
      <subfield code="t">ام البراهين في علم الكلام.</subfield>
      <subfield code="k">Selections.</subfield>
    </datafield>
    <datafield tag="880" ind1="1" ind2="2">
      <subfield code="6">700-06/(3/r</subfield>
      <subfield code="a">سنوسي، محمد بن يوسف،</subfield>
      <subfield code="d">approximately 1427-approximately 1490.</subfield>
      <subfield code="t">صغرى الصغرى في علم التوحيد.</subfield>
    </datafield>
    <datafield tag="880" ind1="1" ind2="2">
      <subfield code="6">700-07/(3/r</subfield>
      <subfield code="a">اوجلي، محمد الصالح بن سليم،</subfield>
      <subfield code="d">active approximately 17th century.</subfield>
      <subfield code="t">مقصود بالنظام سبك جواهرا من الكلام.</subfield>
    </datafield>
    <datafield tag="880" ind1="1" ind2="2">
      <subfield code="6">700-08/(3/r</subfield>
      <subfield code="a">اوجلي، محمد الصالح بن سليم،</subfield>
      <subfield code="d">active approximately 17th century.</subfield>
      <subfield code="t">دليل القائد لكشف اسرار صفات الواحد.</subfield>
      <subfield code="k">Selections.</subfield>
    </datafield>
    <datafield tag="880" ind1="1" ind2="2">
      <subfield code="6">700-09/(3/r</subfield>
      <subfield code="a">اوجلي، محمد الصالح بن سليم،</subfield>
      <subfield code="d">active approximately 17th century.</subfield>
    </datafield>
    <datafield tag="880" ind1="1" ind2="2">
      <subfield code="6">700-10/(3/r</subfield>
      <subfield code="a">سنوسي، محمد بن يوسف،</subfield>
      <subfield code="d">active approximately 17th century.</subfield>
    </datafield>
    <datafield tag="880" ind1="0" ind2="2">
      <subfield code="6">740-11/(3/r</subfield>
      <subfield code="a">مقصود بالنظام سبك جواهرا من الكلام وذال ما يدخل تحت قول الشهادة.</subfield>
    </datafield>
    <datafield tag="880" ind1="0" ind2="2">
      <subfield code="6">740-12/(3/r</subfield>
      <subfield code="a">اعلم انا وجدنا من انواع الكفر المجمع عليه فضلا عن المختلف فيه الطلبة والعامة والنساء.</subfield>
    </datafield>
    <datafield tag="880" ind1="0" ind2="2">
      <subfield code="6">740-13/(3/r</subfield>
      <subfield code="a">فان الفقيه عبد الله ولزم على كل مكلف عن يعرف ما يجب عليه قبل ان يفعله.</subfield>
    </datafield>
    <datafield tag="880" ind1="0" ind2="2">
      <subfield code="6">740-14/(3/r</subfield>
      <subfield code="a">سليم.</subfield>
    </datafield>
    <datafield tag="066" ind1=" " ind2=" ">
      <subfield code="c">(3</subfield>
    </datafield>
  </record></collection>